@article{anscombe1973graphs,
  title={Graphs in statistical analysis},
  author={Anscombe, Francis J},
  journal={The American Statistician},
  volume={27},
  number={1},
  pages={17--21},
  year={1973},
  publisher={Taylor \& Francis}
}
@misc{ROSlogger,
  title = {Logging and logger configuration},
  howpublished = {\url{https://docs.ros.org/en/humble/Concepts/Intermediate/About-Logging.html}}
}
@misc{NpArray,
  title = {Array objects},
  howpublished = {\url{https://numpy.org/doc/stable/reference/arrays.html}}
}
@misc{ROSPoseArray,
  title = {PoseArray Message},
  howpublished = {\url{https://docs.ros2.org/latest/api/geometry_msgs/msg/PoseArray.html}}
}